<record><leader>00000cas a22000007a 4500</leader><controlfield tag="001">19882130</controlfield><controlfield tag="008">890616d18701873mauwr n       0    0eng d</controlfield><datafield ind1=" " ind2=" " tag="010"><subfield code="a">sn 89062084 </subfield></datafield><datafield ind1=" " ind2=" " tag="040"><subfield code="a">MGN</subfield><subfield code="b">eng</subfield><subfield code="c">MGN</subfield><subfield code="d">DLC</subfield><subfield code="d">OCL</subfield><subfield code="d">OCLCQ</subfield></datafield><datafield ind1=" " ind2=" " tag="019"><subfield code="a">19882288</subfield></datafield><datafield ind1=" " ind2=" " tag="042"><subfield code="a">msc</subfield></datafield><datafield ind1="0" ind2="0" tag="245"><subfield code="a">Whitinsville compendium.</subfield></datafield><datafield ind1=" " ind2=" " tag="260"><subfield code="a">Whitinsville [Northbridge], Mass. :</subfield><subfield code="b">[s.n.]</subfield></datafield><datafield ind1="0" ind2=" " tag="362"><subfield code="a">Vol. 1, no. 1 (Dec. 10, 1870)-</subfield></datafield><datafield ind1="1" ind2=" " tag="362"><subfield code="a">Ceased Jan. 22, 1873?</subfield></datafield><datafield ind1=" " ind2=" " tag="752"><subfield code="a">United States</subfield><subfield code="b">Massachusetts</subfield><subfield code="c">Worcester</subfield><subfield code="d">Northbridge.</subfield></datafield><datafield ind1="0" ind2="7" tag="785"><subfield code="t">Douglas herald</subfield><subfield code="w">(DLC)sn 83020473</subfield><subfield code="w">(OCoLC)9396419</subfield></datafield><datafield ind1="0" ind2="7" tag="785"><subfield code="t">Worcester south compendium</subfield><subfield code="w">(DLC)sn 83020474</subfield><subfield code="w">(OCoLC)9396514</subfield></datafield></record>